<?xml version="1.0" encoding="UTF-8"?><collection xmlns="http://www.loc.gov/MARC21/slim"><record><leader>00539nam--2200193-u-4500</leader><controlfield tag="001">000056895</controlfield><controlfield tag="002">20200911</controlfield><controlfield tag="005">20200911044721</controlfield><controlfield tag="008">200911s1000------------r-----000-0-rum-d</controlfield><datafield ind1=" " ind2=" " tag="040"><subfield code="a">IFIN-HH</subfield></datafield><datafield ind1=" " ind2=" " tag="041"><subfield code="a">rum</subfield></datafield><datafield ind1="1" ind2=" " tag="100"><subfield code="a">Grojean, Cristophe</subfield></datafield><datafield ind1="1" ind2="0" tag="245"><subfield code="a">In cautarea Bosonului Higgs</subfield><subfield code="c">Crisophe Grojean; Laurent Vacavant</subfield></datafield><datafield ind1=" " ind2=" " tag="260"><subfield code="a">Cluj-Napoca</subfield><subfield code="b">Casa Cartii de Stiinta</subfield><subfield code="c">2018</subfield></datafield><datafield ind1=" " ind2=" " tag="300"><subfield code="a">233 p</subfield></datafield><datafield ind1=" " ind2=" " tag="500"><subfield code="a">Donatie Acad. Nicolae Victor Zamfir</subfield></datafield><datafield ind1="1" ind2=" " tag="700"><subfield code="a">Vacavant, Laurent</subfield></datafield><datafield ind1=" " ind2=" " tag="852"><subfield code="a">82833</subfield><subfield code="c">NVZ</subfield></datafield><datafield ind1=" " ind2=" " tag="CAT"><subfield code="a">SYS</subfield><subfield code="c">20200911</subfield><subfield code="h">044721</subfield></datafield></record></collection>